<record xmlns="http://www.loc.gov/MARC21/slim" xmlns:xsi="http://www.w3.org/2001/XMLSchema-instance" xsi:schemaLocation="http://www.loc.gov/MARC21/slim http://www.loc.gov/standards/marcxml/schema/MARC21slim.xsd"><leader>     nam a22        4500</leader><controlfield tag="001">001890494</controlfield><controlfield tag="003">NNU</controlfield><controlfield tag="006">m        d        </controlfield><controlfield tag="007">cr cn |||m|||a</controlfield><controlfield tag="008">150313m19521953le      ob    000 0cara d</controlfield><datafield ind1=" " ind2=" " tag="040"><subfield code="a">NNU</subfield><subfield code="b">eng</subfield><subfield code="c">NNU</subfield></datafield><datafield ind1="1" ind2=" " tag="100"><subfield code="a">Ibn Ab&#299; &#7716;&#257;tim, &#699;Abd al-Ra&#7717;m&#257;n ibn Mu&#7717;ammad,</subfield><subfield code="d">854 or 5-938.</subfield></datafield><datafield ind1="1" ind2="0" tag="245"><subfield code="a">Kit&#257;b al-jar&#7717; wa-al-ta&#699;d&#299;l</subfield><subfield code="h">[electronic resource] /</subfield><subfield code="c">ta&#700;l&#299;f Ab&#299; Mu&#7717;ammad &#699;Abd al-Ra&#7717;m&#257;n ibn Ab&#299; &#7716;&#257;tim Mu&#7717;ammad ibn Idr&#299;s ibn Mundhir al-Tam&#299;m&#299; al-&#7716;an&#7827;il&#299; al-R&#257;z&#299;.</subfield></datafield><datafield ind1=" " ind2=" " tag="250"><subfield code="a">al-&#7788;ab&#699;ah 1.&#775;</subfield></datafield><datafield ind1=" " ind2=" " tag="260"><subfield code="a">Bayr&#363;t :</subfield><subfield code="b">I&#7717;y&#257;&#700; al-Tur&#257;th al-&#699;Arab&#299;,</subfield><subfield code="c">1952-1953.</subfield></datafield><datafield ind1=" " ind2=" " tag="300"><subfield code="a">online resource (9 v.)</subfield></datafield><datafield ind1=" " ind2=" " tag="500"><subfield code="a">Cover title.</subfield></datafield><datafield ind1=" " ind2=" " tag="500"><subfield code="a">Vol. 1 has title: Taqd&#299;mat al-ma&#699;rifah li-Kit&#257;b al-jar&#7717; wa-al-ta&#699;d&#299;l.</subfield></datafield><datafield ind1=" " ind2=" " tag="500"><subfield code="a">Includes bibliographical references.</subfield></datafield><datafield ind1=" " ind2=" " tag="500"><subfield code="a">Part of the Arabic Collections Online (ACO) project, contributed by New York Univeristy Libraries.</subfield></datafield><datafield ind1=" " ind2=" " tag="533"><subfield code="a">Electronic reproduction.</subfield><subfield code="b">New York, N.Y. :</subfield><subfield code="c">New York University,</subfield><subfield code="d">2015.</subfield><subfield code="5">NNU</subfield></datafield><datafield ind1=" " ind2="0" tag="650"><subfield code="a">Hadith</subfield><subfield code="x">Authorities.</subfield></datafield><datafield ind1="2" ind2=" " tag="710"><subfield code="a">New York University.</subfield><subfield code="b">Libraries.</subfield></datafield><datafield ind1="0" ind2=" " tag="730"><subfield code="a">Arabic Collections Online.</subfield></datafield><datafield ind1="0" ind2=" " tag="740"><subfield code="a">Taqd&#299;mat al-ma&#699;rifah li-kit&#257;b al-jar&#7717; wa-al-ta&#699;d&#299;l.</subfield></datafield><datafield ind1="0" ind2=" " tag="740"><subfield code="a">Jar&#7717; al-ta&#699;d&#299;l.</subfield></datafield><datafield ind1="0" ind2="8" tag="776"><subfield code="i">Print version:</subfield><subfield code="a">Ibn Ab&#299; &#7716;&#257;tim, &#699;Abd al-Ra&#7717;m&#257;n ibn Mu&#7717;ammad, 854 or 5-938.</subfield><subfield code="t">Kit&#257;b al-jar&#7717; wa-al-ta&#699;d&#299;l</subfield><subfield code="w">(NNU)001890494</subfield></datafield><datafield ind1="4" ind2="0" tag="856"><subfield code="u">http://hdl.handle.net/2333.1/15dv43z4</subfield></datafield><datafield ind1=" " ind2=" " tag="959"><subfield code="a">NNU</subfield><subfield code="b">WEB</subfield><subfield code="c">GENI</subfield><subfield code="t">0</subfield><subfield code="m">Electronic access</subfield><subfield code="s">01</subfield></datafield><datafield ind1=" " ind2=" " tag="999"><subfield code="i">NNU_001890494</subfield><subfield code="s">nyu_aco000478:v.1</subfield><subfield code="s">nyu_aco000479:v.2</subfield><subfield code="s">nyu_aco000480:v.3</subfield><subfield code="s">nyu_aco000481:v.4</subfield><subfield code="s">nyu_aco000482:v.5</subfield><subfield code="s">nyu_aco000483:v.6</subfield><subfield code="s">nyu_aco000484:v.7</subfield><subfield code="s">nyu_aco000485:v.8</subfield><subfield code="s">nyu_aco000486:v.9</subfield><subfield code="e">(ERROR-880)</subfield></datafield></record>